<record xmlns="http://www.loc.gov/MARC21/slim" xmlns:xsi="http://www.w3.org/2001/XMLSchema-instance" xsi:schemaLocation="http://www.loc.gov/MARC21/slim http://www.loc.gov/standards/marcxml/schema/MARC21slim.xsd"><leader>00849cz   2200265n  4500</leader><controlfield tag="001">oca00373899 </controlfield><controlfield tag="005">20010908071247.0</controlfield><controlfield tag="008">800310n| acannaabn          |a aaa      </controlfield><datafield ind1=" " ind2=" " tag="010"><subfield code="a">n  79142673 </subfield></datafield><datafield ind1=" " ind2=" " tag="040"><subfield code="a">DLC</subfield><subfield code="c">DLC</subfield><subfield code="d">DLC</subfield><subfield code="d">CoU</subfield><subfield code="d">DLC-R</subfield><subfield code="d">CoU</subfield></datafield><datafield ind1="1" ind2=" " tag="100"><subfield code="a">Gellius, Aulus</subfield></datafield><datafield ind1="0" ind2=" " tag="400"><subfield code="a">Avl Gelliĭ</subfield></datafield><datafield ind1="1" ind2=" " tag="400"><subfield code="a">Gelliĭ, Avl</subfield></datafield><datafield ind1="1" ind2=" " tag="400"><subfield code="a">Gellius, A.</subfield><subfield code="q">(Aulus)</subfield></datafield><datafield ind1="0" ind2=" " tag="400"><subfield code="a">Aulu-Gelle</subfield></datafield><datafield ind1="1" ind2=" " tag="400"><subfield code="a">Gelle, Aulu</subfield></datafield><datafield ind1="1" ind2=" " tag="400"><subfield code="a">Gellio, Aulo</subfield></datafield><datafield ind1="1" ind2=" " tag="400"><subfield code="a">Gelyus, Olus</subfield></datafield><datafield ind1="1" ind2=" " tag="400"><subfield code="a">Gelyus, Ulus</subfield></datafield><datafield ind1="1" ind2=" " tag="400"><subfield code="a">Gelio, Aulo</subfield></datafield><datafield ind1=" " ind2=" " tag="670"><subfield code="a">His A. Gellii Noctivm atticarvm libri XX ... edidit C. Hosivs, 1903.</subfield></datafield><datafield ind1=" " ind2=" " tag="670"><subfield code="a">His Les nuits attiques, 1967- :</subfield><subfield code="b">v. 3, t.p. (Aulu-Gelle)</subfield></datafield><datafield ind1=" " ind2=" " tag="670"><subfield code="a">His Le notti attiche, c1992:</subfield><subfield code="b">t.p. (Aulo Gellio)</subfield></datafield><datafield ind1=" " ind2=" " tag="670"><subfield code="a">Olus Gelyus ke-ḳore shel shirah, 1993.</subfield></datafield><datafield ind1=" " ind2=" " tag="670"><subfield code="a">His Noches áticas, 2000-:</subfield><subfield code="b">t.p. (Aulo Gelio)</subfield></datafield></record>